% Encoding: UTF-8

@Incatalog{Tjarks2005,
  author   = {Torsten, Tjarks},
  title    = {Kat.-Nr. 313},
  year     = {2005},
  crossref = {AusstellungBonn2005},
}

@Book{Bernardini1999,
  editor   = {Bernardini, Maria Grazia and Fagiolo dell'Arco, Marcello},
  title    = {Gian Lorenzo Bernini regista del barocco},
  location = {Mailand},
  year     = {1999},
  keywords = {Art / History / Baroque \& Rococo},
}

@Catalog{AusstellungBonn2005,
  editor          = {Jutta Frings},
  year            = {2005},
  date            = {2005/2006},
  location        = {Leipzig},
  eventtitle      = {Barock im Vatikan. Kunst und Kultur der Päpste II 1572--1676},
  eventtitleaddon = {Bonn, Kunst- und Ausstellungshalle der Bundesrepublik Deutschland, 25. November 2005 bis 19. März 2006; Berlin, Martin-Gropius-Bau, 12. April bis 10. Juli 2006},
  keywords        = {Ausstellung},
  venue           = {Bonn/Berlin},
}

@Incollection{korner2003,
  author       = {Körner, Hans},
  title        = {Die enttäuschte und die getäuschte Hand},
  subtitle     = {Der Tastsinn im Paragone der Künste},
  pages        = {221--241},
  editor       = {von Rosen, Valeska and Krüger, Klaus and Preimesberger, Rudolf},
  booktitle    = {Der stumme Diskurs der Bilder},
  booksubtitle = {Reflexionsformen des Ästhetischen in der Kunst der Frühen Neuzeit},
  location     = {München and Berlin},
  date         = {2003},
}

@Review{vonengelberg,
  author       = {von Engelberg, Meinrad},
  journaltitle = {H-ArtHist},
  related      = {Brossette2002},
  relatedtype  = {reviewof},
  arthist      = {35},
  date         = {2003-11-12},
}

@Article{vonrosen2000,
  author       = {von Rosen, Valeska},
  title        = {Die Enargeia des Gemöldes},
  subtitle     = {Zu einem vergessenen Inhalt des \enquote{Ut-Pictura-Poesis} und seiner Relevanz für das cinquecenteske Bildkonzept},
  journaltitle = {Marburger Jahrbuch für Kunstwissenschaft},
  volume       = {27},
  pages        = {171--208},
  year         = {2000},
}

@Inreference{helas2003,
  author       = {Helas, Philine},
  title        = {Theatralität Und Performanz},
  booktitle    = {Metzler Lexikon Kunstwissenschaft},
  pages        = {352--354},
  year         = {2003},
  booksubtitle = {Ideen, Methoden, Begriffe},
  editor       = {Pfisterer, Ulrich},
  location     = {Stuttgart and Weimar},
}

@Book{vonrosen2009,
  author   = {von Rosen, Valeska},
  title    = {Caravaggio und die Grenzen des Darstellbaren},
  subtitle = {Ambiguität, Ironie und Performativität in der Malerei um 1600},
  location = {Berlin},
  date     = {2009},
}

@Book{ugonio1588,
  author   = {Ugonio, Pompeo},
  title    = {Historia delle Stationi di Roma, che si celebrano la Quadragesima},
  location = {Rom},
  date     = {1588},
  language = {italian},
  option   = {source},
}

@Catalog{AusstellungBern2000,
  editor          = {Dupeux, Cécile and Jezler, Peter and Wirth, Jean},
  date            = {2000},
  location        = {Zürich},
  eventtitle      = {Bildersturm. Wahnsinn oder Gottes Wille?},
  eventtitleaddon = {Bern, Bernisches Historisches Museum, 2. November 2000 bis 16. April 2001; Strassburg, Musée de XXX Notre-Dame, 2000},
}

@PhdThesis{strupp1993,
  author      = {Strupp, Joachim},
  title       = {The Sculptured Altarpiece in Renaissance Venice, ca. 1460--1530},
  institution = {University of St Andrews},
  date        = {1993},
  language    = {english},
  url         = {https://research-repository.st-andrews.ac.uk/handle/10023/2806},
  urldate     = {2016-03-08},
}

@Book{Brossette2002,
  author   = {Brossette, Ursula},
  title    = {Inszenierung des Sakralen},
  subtitle = {Das Theatralische Raum- und Ausstattungsprogramm süddeutscher Barockkirchen in seinem liturgischen und zeremoniellen Kontext},
  location = {Weimar},
  year     = {2002},
  series   = {Marburger Studien zur Kunst- und Kulturgeschichte},
  number   = {4},
}

@Book{fagiolodellarco1967,
  Title                    = {Bernini. Una introduzione al gran teatro del barocco},
  Author                   = {Fagiolo dell'Arco, Maurizio and Fagiolo dell'Arco, Marcello},
  Date                     = {1967},
  Langid                   = {italian},
  Location                 = {Rom},
  Timestamp                = {2016-06-08T09:16:19Z}
}

@InCollection{delbeke2014,
  Title                    = {"For We Are Made a Spectacle unto the World, and to Angels, and to Men". Alessandro Algardi's Beheading of Saint Paul and the Theatricality of Martyrdom},
  Author                   = {Delbeke, Maarten},
  Booktitle                = {Critical Perspectives on Roman Baroque Sculpture},
  Editor                   = {Colantuono, Anthony and Ostrow, Steven F.},
  Pages                    = {141--164},
  Date                     = {2014},
  Location                 = {University Park, Pa.},
  Timestamp                = {2016-06-10T14:20:32Z}
}

@InCollection{digioia2006,
  Title                    = {"Chi non esce talvolta dalla regola non la passa mai": Melchiorre Cafà a Roma tra 1660 e 1667},
  Author                   = {Di Gioia, Elena Bianca},
  Booktitle                = {Melchiorre Cafà. Maltese genius of the Roman Baroque},
  Editor                   = {Sciberras, Keith},
  Pages                    = {49--66},
  Date                     = {2006},
  Langid                   = {italian},
  Location                 = {Valletta},
  Timestamp                = {2016-09-18T20:33:24Z}
}

%Das hier könnte ein schwerer Fall sein: Offenbar einerseits ein Kandidat für @inproceedings, andererseits wohl doch in einer Zeitschrift erschienen. Bei einer konsistenten Dokumentation bräuchte man also wohl keine Anführungszeichen beim Titel...
@Article{dombrowski1997a,
  Title                    = {"Art History in the Age of Bellori": Rom, American Academy, 21./22. November 1996},
  Author                   = {Dombrowski, Damian},
  Number                   = {3},
  Pages                    = {400--409},
  Volume                   = {60},
  Date                     = {1997},
  Doi                      = {10.2307/1482856},
  Eprint                   = {1482856},
  Eprinttype               = {jstor},
  ISSN                     = {0044-2992},
  Journaltitle             = {Zeitschrift für Kunstgeschichte},
  Shortjournal             = {Zeitschrift für Kunstgeschichte},
  Timestamp                = {2016-09-20T11:15:23Z}
}

@Article{fahrner1973,
  Title                    = {The Theatrical Activity of Gianlorenzo Bernini},
  Author                   = {Fahrner, Robert and Kleb, William},
  Number                   = {1},
  Pages                    = {5--14},
  Volume                   = {25},
  Date                     = {1973},
  Doi                      = {10.2307/3205831},
  Eprint                   = {3205831},
  Eprinttype               = {jstor},
  ISSN                     = {0013-1989},
  Journaltitle             = {Educational Theatre Journal},
  Shortjournal             = {Educational Theatre Journal},
  Timestamp                = {2016-06-02T14:58:15Z}
}

% Achtung, Felder müssen bestimmt noch angepasst werden!!
@Book{quintushoratiusflaccus2008,
  Title                    = {Ars Poetica. Die Dichtkunst. Lateinisch/Deutsch},
  Author                   = {Quintus Horatius Flaccus},
  Editor                   = {Schäfer, Eckart},
  Edition                  = {Bibliograph. ergänzte Ausg. (Originalsausg. von 1972)},
  Date                     = {2008},
  Location                 = {Stuttgart},
  Timestamp                = {2016-08-12T11:13:56Z},
  Translator               = {Schäfer, Eckart},
  option   = {source}
}

@Comment{jabref-meta: databaseType:biblatex;}

@Comment{jabref-entrytype: Review: req[author;number;title;subtitle;pages;volume;journaltitle;shortjournal;related;relatedtype;year] opt[]}
