%% LaTeX2e file `mwe_zitationen_doppelt.bib'
%% generated by the `filecontents' environment
%% from source `mwe_zitationen_doppelt' on 2016/11/20.
%%
  @Book{Satzinger2004,
  editor   = {Satzinger, Georg},
  title    = {Die Renaissance-Medaille in Italien und Deutschland},
  location = {Münster},
  year     = {2004},
  series   = {Tholos},
  number   = {1},
 }
 @Article{Schlegel1992,
  author       = {Schlegel, Ursula},
  title        = {Ein Terracottamodell des Bartolomeo Ammannati},
  journaltitle = {Paragona/Arte},
  volume       = {43},
  pages        = {25--30},
  year         = {1992},
  number       = {503},
 }
 @Catalog{KatFrankfurt0510,
  editor   = {Neumeister, Mirjam and Krempel, León},
  title    = {Holländische Gemälde im Städel 1550--1800},
  date     = {2005/2010},
  location = {Petersberg},
  keywords = {Ausstellung},
  label    = {Frankfurt},
  number   = {8--9 und 11},
  series   = {Kataloge der Gemälde im Städelschen Kunstinstitut Frankfurt am Main},
  sortkey  = {Kat. Frankfurt 2005--2010},
  volumes  = {3},
 }
 @Incollection{LoosOrnament,
  author    = {Loos, Adolf},
  title     = {Ornament und Verbrechen},
  pages     = {15--21},
  editor    = {Conrads, Ulrich},
  location  = {Basel and others},
  year      = {2013},
  series    = {Bauwelt Fundamente},
  number    = {1},
  edition   = {Nachdruck der 2. Auflage Braunschweig u. a. 1981},
  keywords  = {source},
  maintitle = {Programme und Manifeste zur Architektur des 20. Jahrhunderts},
  shorthand = {Loos, Ornament und Verbrechen},
 }
 @Reference{GroveEncycl2011,
  editor    = {Marter, Joan M.},
  title     = {The Grove Encyclopedia of American Art},
  date      = {2011},
  volumes   = {5},
  location  = {Oxford and New York},
  shorthand = {Grove Encyclopedia of American Art},
 }
