%% LaTeX2e file `mwe_warning_duplicate_identifier.bib'
%% generated by the `filecontents' environment
%% from source `mwe_warning_duplicate_identifier' on 2016/11/19.
%%
  @Book{Satzinger2004,
  editor   = {Satzinger, Georg},
  title    = {Die Renaissance-Medaille in Italien und Deutschland},
  location = {MÃ¼nster},
  year     = {2004},
  series   = {Tholos},
  number   = {1},
 }
 @Article{Schlegel1992,
  author       = {Schlegel, Ursula},
  title        = {Ein Terracottamodell des Bartolomeo Ammannati},
  journaltitle = {Paragona/Arte},
  volume       = {43},
  pages        = {25--30},
  year         = {1992},
  number       = {503},
 }
